%----------------------------------------------------------------------------------------------------------
@article{boulif_atif_2006, 
title={A new branch-\&-bound-enhanced genetic algorithm for the manufacturing cell formation problem}, 
volume={33}, 
DOI={10.1016/j.cor.2005.02.005}, 
number={8}, 
journal={Computers \& Operations Research}, 
author={Boulif, Menouar and Atif, Karim}, 
year={2006}, 
pages={2219-2245}}
%----------------------------------------------------------------------------------------------------------
@incollection{Aydin_meyerhenke_safro_sanders_schulz_2016,
  title={Recent advances in graph partitioning},
  author={Bulu{\c{c}}, Ayd{\i}n and Meyerhenke, Henning and Safro, Ilya and Sanders, Peter and Schulz, Christian},
  booktitle={Algorithm Engineering},
  pages={117--158},
  year={2016},
  publisher={Springer}
}
%----------------------------------------------------------------------------------------------------------
@inproceedings{menouar_2010,
  title={Genetic algorithm encoding representations for graph partitioning problems},
  author={Boulif, Menouar},
  booktitle={Machine and Web Intelligence (ICMWI), 2010 International Conference on},
  pages={288--291},
  year={2010},
  url = {http://www.ieee.org/conferences_events/conferences/conferencedetails/index.html?Conf_ID=17722},
  organization={IEEE}
}
%----------------------------------------------------------------------------------------------------------
@book{holland_1975, 
place={Ann Arbor}, 
title={Adaptation in Natural and Artificial Systems - An Introductory: Analysis with Applications to Biology, Control, and Artificial: Intelligence}, 
publisher={The University of Michigan Press}, 
author={Holland, John H.}, 
year={1975}}
%----------------------------------------------------------------------------------------------------------
@article{venugopal_narendran_1992, 
title={A genetic algorithm approach to the machine-component grouping problem with multiple objectives}, 
volume={22}, 
DOI={10.1016/0360-8352(92)90022-c}, 
number={4}, 
journal={Computers \& Industrial Engineering}, 
author={Venugopal, V. and Narendran, T.t.}, 
year={1992}, 
pages={469-480}}
%----------------------------------------------------------------------------------------------------------
@article{goldberg1988genetic,
  title={Genetic algorithms and machine learning},
  author={Goldberg, David E and Holland, John H},
  journal={Machine learning},
  volume={3},
  number={2},
  pages={95--99},
  year={1988},
  publisher={Springer}
}
%----------------------------------------------------------------------------------------------------------
@book{eiben_smith_2016,
  title={Introduction to evolutionary computing},
  author={Eiben, Agoston E and Smith, James E and others},
  volume={53},
  year={2003},
  publisher={Springer}
}
%----------------------------------------------------------------------------------------------------------
%----------------------------------------------------------------------------------------------------------
@article{garfinkel_nemhauser_1970, 
  title={Optimal political districting by implicit enumeration techniques},
  author={Garfinkel, Robert S and Nemhauser, George L},
  journal={Management Science},
  volume={16},
  number={8},
  pages={B--495},
  year={1970},
  publisher={INFORMS}
}
%----------------------------------------------------------------------------------------------------------
@article{rothlauf_goldberg_2003, 
title={Redundant Representations in Evolutionary Computation}, 
volume={11}, 
DOI={10.1162/106365603322519288}, 
number={4},
 journal={Evolutionary Computation}, 
 author={Rothlauf, Franz and Goldberg, David E.}, 
 year={2003}, 
 pages={381-415}}

%----------------------------------------------------------------------------------------------------------
@article{menouar2016new,
  title={A new cut-based genetic algorithm for graph partitioning applied to cell formation},
  author={Menouar, Boulif},
  journal={arXiv preprint arXiv:1612.05536},
  year={2016},
  url = {https://arxiv.org/abs/1612.05536}
}
%----------------------------------------------------------------------------------------------------------
@book{goldberg1989genetic,
 author = {Goldberg, David E.},
 title = {Genetic Algorithms in Search, Optimization and Machine Learning},
 year = {1989},
 isbn = {0201157675},
 edition = {1st},
 publisher = {Addison-Wesley Longman Publishing Co., Inc.},
 address = {Boston, MA, USA}
} 

%----------------------------------------------------------------------------------------------------------
@Misc{chrisWalshaw,
howpublished = {\url{http://chriswalshaw.co.uk/partition/}},
note = {Accessed March 23, 2016},
title = {The Graph Partitioning Archive},
author = {Chris Walshaw},
year = {2016}
}
%----------------------------------------------------------------------------------------------------------
@Misc{dimacs10,
howpublished = {\url{http://www.cc.gatech.edu/dimacs10/index.shtml}},
note = {Accessed April 4, 2016},
title = {10th DIMACS Implementation Challenge - Graph Partitioning and Graph Clustering},
author = {David A. , Bader and Henning, Meyerhenke and Peter, Sanders and Dorothea,  Wagner},
year = {2016}
}
%----------------------------------------------------------------------------------------------------------
@article{alba1999survey,
  title={A survey of parallel distributed genetic algorithms},
  author={Alba, Enrique and Troya, Jos{\'e} M},
  journal={Complexity},
  volume={4},
  number={4},
  pages={31--52},
  year={1999}
}
%----------------------------------------------------------------------------------------------------------
@book{luque2011parallel,
  title={Parallel genetic algorithms: theory and real world applications},
  author={Luque, Gabriel and Alba, Enrique},
  volume={367},
  year={2011},
  publisher={Springer}
}
%----------------------------------------------------------------------------------------------------------						
% Ce Livre traite l'utilisation et l'implémentation des AGp, il a été cité en [8] dans le livre de Alba
@book{cantu2000efficient,
  title={Efficient and accurate parallel genetic algorithms},
  author={Cantu-Paz, Erick},
  volume={1},
  year={2000},
  publisher={Springer Science \& Business Media}
}
%----------------------------------------------------------------------------------------------------------
%Cette article de conférence traite l'utilisation des ensemble d'Islandes pour la représentation de la
%population de l'AGp il a été cité en [32] dans l'article de Alba
@inproceedings{spiessens1991massively,
  title={A massively parallel genetic algorithm: Implementation and first analysis},
  author={Spiessens, Piet and Manderick, Bernard},
  booktitle={Proceedings of the Fourth International Conference on Genetic Algorithms},
  pages={279--286},
  year={1991},
  organization={Morgan Kaufmann San Mateo, CA}
}
%----------------------------------------------------------------------------------------------------------
% Cette article traite l'utilisation d'une grille pour la représentation sapsial des individus de la population
% d'un AGp
@inproceedings{spiessens1991massively,
  title={A massively parallel genetic algorithm: Implementation and first analysis},
  author={Spiessens, Piet and Manderick, Bernard},
  booktitle={Proceedings of the Fourth International Conference on Genetic Algorithms},
  pages={279--286},
  year={1991},
  organization={Morgan Kaufmann San Mateo, CA}
}
%----------------------------------------------------------------------------------------------------------
% Ces deux articles défine la migration des individus entre les sous population au sein d'un 
dAG (algorithme génétique distribué).

@inproceedings{tanese1989distributed,
  title={Distributed genetic algorithms},
  author={Tanese, Reiko},
  booktitle={Proceedings of the third international conference on Genetic algorithms},
  pages={434--439},
  year={1989},
  organization={Morgan Kaufmann Publishers Inc.}
}

@article{belding1995distributed,
  title={The distributed genetic algorithm revisited},
  author={Belding, Theodore C},
  journal={arXiv preprint adap-org/9504007},
  year={1995}
}

%------------------------------------------------------------------------------------------------------------
% Cet article traite l'utilisation des AGc (AG cellulaire) ou la population est structuré sous forme d'une grille
% ou seules les individus qui sont dans le voisinage immédiat peuvent s'intéragir et se coupler
@inproceedings{baluja1993structure,
  title={Structure and Performance of Fine-Grain Parallelism in Genetic Search.},
  author={Baluja, Shumeet},
  booktitle={ICGA},
  pages={155--162},
  year={1993}
}

%------------------------------------------------------------------------------------------------------------
@article{karypis1999multilevel,
	title={Multilevel hypergraph partitioning: applications in VLSI domain},
	author={Karypis, George and Aggarwal, Rajat and Kumar, Vipin and Shekhar, Shashi},
	journal={IEEE Transactions on Very Large Scale Integration (VLSI) Systems},
	volume={7},
	number={1},
	pages={69--79},
	year={1999},
	publisher={IEEE}
}
%------------------------------------------------------------------------------------------------------------
@article{kruskal1956shortest,
	title={On the shortest spanning subtree of a graph and the traveling salesman problem},
	author={Kruskal, Joseph B},
	journal={Proceedings of the American Mathematical society},
	volume={7},
	number={1},
	pages={48--50},
	year={1956}
}
%------------------------------------------------------------------------------------------------------------
@article{chaouche2019solving,
	title={Solving the unsupervised graph partitioning problem with genetic algorithms: Classical and new encoding representations},
	author={Chaouche, Ali and Boulif, Menouar},
	journal={Computers \& Industrial Engineering},
	volume={137},
	pages={106025},
	year={2019},
	publisher={Elsevier}
}
%--------------------------------------------------------------------------------------------------------------
